@paper{reflhi,
  AUTHOR={{Rogers, Angus, Michaela Flanigan, Oliver Nebel, Yona Nebel-Jacobsen, Xueying Wang, Richard J. Arculus, Laura Miller, et al.}},
  TITLE={{The Isotopic Origin of Lord Howe Island Reveals Secondary Mantle Plume Twinning in the Tasman Sea.}},
  JOURNAL={{Chemical Geology 622 (2023): 121374-}},
  DOI={{10.1016/j.chemgeo.2023.121374}}
}

@book {refaku,
AUTHOR={{Schmieder, Robert KK6EK}},
TITLE={{DX-Aku: Messages from the Easter Island Expedition}},
YEAR={{1996}},
PUBLISHER={{Cordell Expeditions, Walnut Creek, CA}}
}

